<?xml version="1.0" encoding="UTF-8"?><record xmlns="http://www.loc.gov/MARC21/slim" xmlns:cinclude="http://apache.org/cocoon/include/1.0" xmlns:zs="http://www.loc.gov/zing/srw/">
  <leader>00441nz  a2200145n  4500</leader>
  <controlfield tag="001">nr 92030665 </controlfield>
  <controlfield tag="003">DLC</controlfield>
  <controlfield tag="005">19920828060513.7</controlfield>
  <controlfield tag="008">920827n| acannaab|          |n aaa     c</controlfield>
  <datafield tag="010" ind1=" " ind2=" ">
    <subfield code="a">nr 92030665 </subfield>
  </datafield>
  <datafield tag="040" ind1=" " ind2=" ">
    <subfield code="a">PHi</subfield>
    <subfield code="c">PU-Ar</subfield>
  </datafield>
  <datafield tag="100" ind1="1" ind2="0">
    <subfield code="a">Graves, Joseph H.</subfield>
  </datafield>
  <datafield tag="667" ind1=" " ind2=" ">
    <subfield code="a">Data provided by PAFC/PACSCL</subfield>
  </datafield>
  <datafield tag="670" ind1=" " ind2=" ">
    <subfield code="a">Albertype Company. Collection</subfield>
    <subfield code="b">(Joseph H. Graves)</subfield>
  </datafield>
  <datafield tag="670" ind1=" " ind2=" ">
    <subfield code="a">PHi files</subfield>
    <subfield code="b">(Joseph H. Graves; owner of the Castle Inn Hotel; photographer)</subfield>
  </datafield>
</record>